@article{Ma1998,
author="{Ma, W.
and Kruth, J. -P.}",
title="{N}{U}{R}{B}{S} {C}urve and {S}urface {F}itting for {R}everse {E}ngineering",
journal="{T}he {I}nternational {J}ournal of {A}dvanced {M}anufacturing {T}echnology",
year="1998",
month="Dec",
day="01",
volume="14",
number="12",
pages="918--927",
issn="1433-3015",
doi="10.1007/BF01179082",
url="https://doi.org/10.1007/BF01179082"
}

@article{malladi1995,
author="{Malladi, R. and Sethian, J. A.  and Vemuri, B. C. }",
journal="{{I}{E}{E}{E} {T}ransactions on {P}attern {A}nalysis and {M}achine {I}ntelligence}",
title="{{S}hape {M}odeling with {F}ront {Pr}opagation: a {L}evel {S}et {A}pproach}",
year={1995},
volume={17},
number={2},
pages={158-175},
keywords={computer vision;entropy;object recognition;piecewise-linear techniques;Hamilton-Jacobi type equation;arbitrarily complex shapes;closed nonintersecting hypersurface;computer graphics;computer vision;curvature-dependent speeds;entropy-satisfying upwind finite difference schemes;equation of motion;front propagation;level set approach;low contrast medical images;object recognition;object representation;propagating solid/liquid interfaces;protrusions;reinitializations;shape modeling;stopping criteria;synthesized images;Biomedical imaging;Computer graphics;Computer vision;Difference equations;Finite difference methods;Level set;Narrowband;Shape;Solid modeling;Topology},
doi={10.1109/34.368173},
ISSN={0162-8828},
month={Feb},}

@article{schwetlick1995least,
  title="{{L}east {S}quares {A}pproximation by {S}plines with {F}ree {K}nots}",
  author="{Schwetlick, H. and Sch{\"u}tze, T.}",
  journal="{{B}{I}{T} {N}umerical {M}athematics}",
  volume={35},
  number={3},
  pages={361--384},
  year={1995},
  publisher={Springer}
}

@article{beliakov2004,
title = "{{L}east {S}quares {S}plines with {F}ree {K}nots: {G}lobal {O}ptimization {A}pproach}",
journal = "{{A}pplied {M}athematics and {C}omputation}",
volume = "149",
number = "3",
pages = "783 - 798",
year = "2004",
issn = "0096-3003",
doi = "https://doi.org/10.1016/S0096-3003(03)00179-6",
url = "http://www.sciencedirect.com/science/article/pii/S0096300303001796",
author = "Beliakov, G.",
keywords = "Least squares splines, Regression splines, Splines with free knots, Global optimisation, Cutting angle method"
}

@article{jupp1978,
  title="{{A}pproximation to {D}ata by {S}plines with {F}ree {K}nots}",
  author="{Jupp, D. LB.}",
  journal="{{S}{I}{A}{M} {J}ournal on {N}umerical {A}nalysis}",
  volume={15},
  number={2},
  pages={328--343},
  year={1978},
  publisher="{{S}ociety for {I}ndustrial and {A}pplied {M}athematics ({S}{I}{A}{M})}"
}


@article{deboor1968,
  title="{{L}east {S}quares {C}ubic {S}pline {A}pproximation {I}--{F}ixed {K}nots}",
  author="{De Boor, C. and Rice, J. R.}",
  year={1968},
  publisher={Citeseer}
}


@article{hoschek1988,
  title="{{I}ntrinsic {P}arametrization for {A}pproximation}",
  author="{Hoschek, J.}",
  journal="{{C}omputer {A}ided {G}eometric {D}esign}",
  volume={5},
  number={1},
  pages={27--31},
  year={1988},
  publisher={Elsevier}
}

@article{speer1998,
title = "{{G}lobal {R}eparametrization for {C}urve {A}pproximation}",
journal="{{C}omputer {A}ided {G}eometric {D}esign}",
volume = "15",
number = "9",
pages = "869 - 877",
year = "1998",
issn = "0167-8396",
doi = "https://doi.org/10.1016/S0167-8396(98)00024-7",
url = "http://www.sciencedirect.com/science/article/pii/S0167839698000247",
author = "Speer, T. and Kuppe, M. and Hoschek, J."
}

@article{ma1995,
title = "{{P}arameterization of {R}andomly {M}easured {P}oints for {L}east {S}quares {F}itting of {B}-{S}pline {C}urves and {S}urfaces}",
journal = "{{C}omputer-{A}ided {D}esign}",
volume = "27",
number = "9",
pages = "663 - 675",
year = "1995",
issn = "0010-4485",
doi = "https://doi.org/10.1016/0010-4485(94)00018-9",
url = "http://www.sciencedirect.com/science/article/pii/0010448594000189",
author = "Ma, W.  Kruth, J.P. ",
keywords = "parameterization, interpolation, B-spline surfaces"
}

@article{lee1989,
title = "{{C}hoosing {N}odes in {P}arametric {C}urve {I}nterpolation}",
journal = "{{C}omputer-{A}ided {D}esign}",
volume = "21",
number = "6",
pages = "363 - 370",
year = "1989",
issn = "0010-4485",
doi = "https://doi.org/10.1016/0010-4485(89)90003-1",
url = "http://www.sciencedirect.com/science/article/pii/0010448589900031",
author = "Lee, E.TY. ",
keywords = "computer-aided design, parametric curve interpolation, heuristic reasoning, centripetal model"
}

@article{piegl1989,
title = "{{M}odifying the {S}hape of {R}ational {B}-{S}plines. {P}art 1: {C}urves}",
journal = "{{C}omputer-{A}ided {D}esign}",
volume = "21",
number = "8",
pages = "509 - 518",
year = "1989",
issn = "0010-4485",
doi = "https://doi.org/10.1016/0010-4485(89)90059-6",
url = "http://www.sciencedirect.com/science/article/pii/0010448589900596",
author = "Piegl, L.",
keywords = "computer-aided design, geometry, rational B-splines, curves"
}

@article{boehm1980,
title = "{{I}nserting {N}ew {K}nots into {B}-{S}pline {C}urves}",
journal = "{{C}omputer-{A}ided {D}esign}",
volume = "12",
number = "4",
pages = "199 - 201",
year = "1980",
issn = "0010-4485",
doi = "https://doi.org/10.1016/0010-4485(80)90154-2",
url = "http://www.sciencedirect.com/science/article/pii/0010448580901542",
author = "Wolfgang, B."
}

@article{lyche1987,
title = "{{K}not {R}emoval for {P}arametric {B}-{S}pline {C}urves and {S}urfaces}",
journal = "{{C}omputer {A}ided {G}eometric {D}esign}",
volume = "4",
number = "3",
pages = "217 - 230",
year = "1987",
issn = "0167-8396",
doi = "https://doi.org/10.1016/0167-8396(87)90013-6",
url = "http://www.sciencedirect.com/science/article/pii/0167839687900136",
author = "Lyche, T. and M\O[]rken, K.",
keywords = "Splines, B-splines, curves, tensor product surfaces, discrete norms, knot removal"
}


@article{piegl2000,
author="Piegl, L.A.
and Tiller, W.",
title="{{S}urface {A}pproximation to {S}canned {D}ata}",
journal="{{T}he {V}isual C{}omputer}",
year="2000",
month="Nov",
day="01",
volume="16",
number="7",
pages="386--395",
issn="1432-2315",
doi="10.1007/PL00013393",
url="https://doi.org/10.1007/PL00013393"
}


@article{park2007,
title = "{{B}-{S}pline {C}urve {F}itting {B}ased on {A}daptive {C}urve {R}efinement {U}sing {D}ominant {P}oints}",
journal = "{{C}omputer-{A}ided D{}esign}",
volume = "39",
number = "6",
pages = "439 - 451",
year = "2007",
issn = "0010-4485",
doi = "https://doi.org/10.1016/j.cad.2006.12.006",
url = "http://www.sciencedirect.com/science/article/pii/S0010448507000024",
author = "Park, H. and Lee, J-H.",
keywords = "-spline curve fitting; Knot placement, Dominant point selection, Adaptive curve refinement, Local modification"
}



@book{schumaker2015spline,
  title="{{S}pline {F}unctions: {C}omputational {M}ethods}",
  author="{Schumaker, L.L.}",
  isbn={9781611973891},
  lccn={2015012804},
  series={Other titles in applied mathematics},
  url={https://books.google.com/books?id=uOAjCgAAQBAJ},
  year={2015},
  publisher="{{S}ociety for {I}ndustrial and {A}pplied {M}athematics ({S}{I}{A}{M})}"
}

@book{deboor2001practical,
  title="{{A} {P}ractical {G}uide to {S}plines}",
  author="{de Boor, C.}",
  isbn={9780387953663},
  lccn={20049644},
  series={Applied Mathematical Sciences},
  url={https://books.google.com/books?id=m0QDJvBI\_ecC},
  year={2001},
  publisher="{{S}pringer {N}ew {Y}ork}"
}

@book{nurbs_book,
  title="{{T}he {N}{U}{R}{B}{S} {B}ook}",
  author="{Piegl, L. and Tiller, W.}",
  isbn={9783642973857},
  series={Monographs in Visual Communication},
  url={https://books.google.com/books?id=CkeqCAAAQBAJ},
  year={2012},
  publisher="{{S}pringer {Be}rlin {H}eidelberg}"
}


@book{goldman1992,
author = "{Goldman, R.N. and Lyche, T.}",
title = "{{K}not {I}nsertion and {D}eletion {A}lgorithms for {B}-{S}pline {C}urves and {S}urfaces}",
publisher="{{S}ociety for {I}ndustrial and {A}pplied {M}athematics ({S}{I}{A}{M})}",
year = {1992},
doi = {10.1137/1.9781611971583},
address = {Philadelphia, PA},
edition   = {},
URL = {http://epubs.siam.org/doi/abs/10.1137/1.9781611971583},
eprint = {http://epubs.siam.org/doi/pdf/10.1137/1.9781611971583}
}
